<?xml version="1.0" encoding="UTF-8"?><collection xmlns="http://www.loc.gov/MARC21/slim"><record><leader>00400nam--2200157-i-4500</leader><controlfield tag="001">000022593</controlfield><controlfield tag="002">20161230</controlfield><controlfield tag="005">20170222004304</controlfield><controlfield tag="008">060222s1000------------r-----000-0-eng-d</controlfield><datafield ind1=" " ind2=" " tag="245"><subfield code="a">Interdisciplinary surface science</subfield></datafield><datafield ind1=" " ind2=" " tag="260"><subfield code="a">Amsterdam</subfield><subfield code="b">North-holland Publ.Co</subfield><subfield code="c">1977</subfield></datafield><datafield ind1=" " ind2=" " tag="300"><subfield code="a">XI + 625 p</subfield></datafield><datafield ind1=" " ind2=" " tag="490"><subfield code="a">Surface Science</subfield></datafield><datafield ind1=" " ind2=" " tag="700"><subfield code="a">King, D. A</subfield></datafield><datafield ind1=" " ind2=" " tag="852"><subfield code="a">61172</subfield></datafield><datafield ind1=" " ind2=" " tag="CAT"><subfield code="a">SYS</subfield><subfield code="c">20170222</subfield><subfield code="h">004304</subfield></datafield></record></collection>